@article{ dmc,

   author = {Kosztin, I. and Faber, B. and Schulten, K.},
   title = {Introduction to the diffusion Monte Carlo method},
   journal = {American Journal of Physics},
   volume = {64},
   number = {5},
   pages = {633-644},
   year = {1996},
   doi = {10.1119/1.18168},
   url = {https://doi.org/10.1119/1.18168},
}

